@inproceedings{Schilit:1994:CCA:1439278.1440041,
 author = {Schilit, B. and Adams, N. and Want, R.},
 title = {Context-Aware Computing Applications},
 booktitle = {Proceedings of the 1994 First Workshop on Mobile Computing Systems and Applications},
 series = {WMCSA '94},
 year = {1994},
 isbn = {978-0-7695-3451-0},
 pages = {85--90},
 numpages = {6},
 url = {http://dx.doi.org/10.1109/WMCSA.1994.16},
 doi = {10.1109/WMCSA.1994.16},
 acmid = {1440041},
 publisher = {IEEE Computer Society},
 address = {Washington, DC, USA},
}

@ARTICLE{Schilit94disseminatingactive,
    author = {Bill Schilit and Marvin Theimer},
    title = {Disseminating Active Map Information to Mobile Hosts},
    journal = {IEEE Network},
    year = {1994},
    volume = {8},
    pages = {22--32}
}

@inproceedings{Harter:1999:ACA:313451.313476,
 author = {Harter, Andy and Hopper, Andy and Steggles, Pete and Ward, Andy and Webster, Paul},
 title = {The anatomy of a context-aware application},
 booktitle = {Proceedings of the 5th annual ACM/IEEE international conference on Mobile computing and networking},
 series = {MobiCom '99},
 year = {1999},
 isbn = {1-58113-142-9},
 location = {Seattle, Washington, USA},
 pages = {59--68},
 numpages = {10},
 url = {http://doi.acm.org/10.1145/313451.313476},
 doi = {10.1145/313451.313476},
 acmid = {313476},
 publisher = {ACM},
 address = {New York, NY, USA},
} 

